@online{ch.quantasy.mqtt.gateway,
	author = "Reto Koenig",
	title = "MQTT-Gateway",
	url  = "https://github.com/knr1/ch.quantasy.mqtt.gateway",
	addendum = "(05.04.2018)",
	keywords = "online,github,koenig"
}

@picture{robotino,
	author = "Tscheremy",
	title = "Robotino V3 umgebaut f√ºr die Logistics League",
	url  = "https://commons.wikimedia.org/wiki/File:Robotino_V3.jpg",
	addendum = "(14.04.2018)",
	keywords = "online,wikipedia,robotino"
}



